<record><leader>00000cas a22000007a 4500</leader><controlfield tag="001">11252664</controlfield><controlfield tag="008">841011d18681930iauwr ne      0    0eng d</controlfield><datafield ind1=" " ind2=" " tag="010"><subfield code="a">sn 84038295 </subfield></datafield><datafield ind1=" " ind2=" " tag="040"><subfield code="a">NPX</subfield><subfield code="b">eng</subfield><subfield code="c">NPX</subfield><subfield code="d">INP</subfield><subfield code="d">MGN</subfield><subfield code="d">OCLCQ</subfield></datafield><datafield ind1=" " ind2=" " tag="042"><subfield code="a">msc</subfield></datafield><datafield ind1="0" ind2="0" tag="245"><subfield code="a">Decatur County journal.</subfield></datafield><datafield ind1=" " ind2=" " tag="260"><subfield code="a">Leon, Iowa :</subfield><subfield code="b">Mrs. M.E. James</subfield></datafield><datafield ind1=" " ind2=" " tag="300"><subfield code="a">v.</subfield></datafield><datafield ind1=" " ind2=" " tag="310"><subfield code="a">Weekly</subfield></datafield><datafield ind1="1" ind2=" " tag="362"><subfield code="a">Began in 1868; ceased in Mar. 1930. Cf. Bibl. of Iowa newspapers.</subfield></datafield><datafield ind1=" " ind2=" " tag="500"><subfield code="a">Publisher varies.</subfield></datafield><datafield ind1=" " ind2=" " tag="500"><subfield code="a">Republican, &lt;1876&gt;.</subfield></datafield><datafield ind1=" " ind2=" " tag="588"><subfield code="a">Description based on: Vol. 7, no. 10 (Aug. 13, 1874).</subfield></datafield><datafield ind1=" " ind2=" " tag="752"><subfield code="a">United States</subfield><subfield code="b">Iowa</subfield><subfield code="c">Decatur</subfield><subfield code="d">Leon.</subfield></datafield><datafield ind1="0" ind2="7" tag="785"><subfield code="t">Leon reporter (Leon, Iowa : 1887)</subfield><subfield code="w">(DLC)sn 87057096</subfield></datafield><datafield ind1="0" ind2="7" tag="785"><subfield code="t">Leon journal-reporter</subfield><subfield code="w">(DLC)sn 87057097</subfield></datafield></record>